
@misc{arxiv,
  title = {arXiv.org e-Print archive},
  author = {{Cornell University}},
  url = {https://arxiv.org/},
}

@misc{pubmed,
  title = {PubMed},
  author = {{National Library of Medicine}},
  url = {https://pubmed.ncbi.nlm.nih.gov/},
}

@misc{semanticscholar,
  title = {Semantic Scholar},
  author = {{Allen Institute for AI}},
  url = {https://www.semanticscholar.org/},
}

@misc{crossref,
  title = {Crossref Metadata API},
  author = {{Crossref}},
  url = {https://www.crossref.org/},
}

@misc{edge2025localglobalgraphrag,
  title={From Local to Global: A Graph RAG Approach to Query-Focused Summarization},
  author={Darren Edge and Ha Trinh and Newman Cheng and Joshua Bradley and Alex Chao and Apurva Mody and Steven Truitt and Dasha Metropolitansky and Robert Osazuwa Ness and Jonathan Larson},
  year={2025},
  eprint={2404.16130},
  archivePrefix={arXiv},
  primaryClass={cs.CL},
  url={https://arxiv.org/abs/2404.16130}
}
